

@MANUAL{DaikonUserManual:Online,
	KEY          = "DaikonUserManual",
	TITLE        = "The Daikon Invariant Detector User Manual",
	MONTH        = "September",
	YEAR         = "2010",
	NOTE         = "\url{http://groups.csail.mit.edu/pag/daikon/download/doc/daikon.html}"
}

@MANUAL{DaikonDeveloperManual:Online,
	KEY          = "DaikonDeveloperManual",
	TITLE        = "The Daikon Invariant Detector Developer Manual",
	MONTH        = "September",
	YEAR         = "2010",
	NOTE         = "\url{http://groups.csail.mit.edu/pag/daikon/download/doc/developer.html}"
}

@MISC{CCI,
    author = "Microsoft Research",
    note = {\url{https://ccimetadata.codeplex.com/}}
}

@MISC{Mikunov:2003:Online,
author = {Aleksandr Mikunov},
title = {Rewrite MSIL Code on the Fly with the .NET Framework Profiling API},
month = {September},
year = {2003},
note = {\url{http://msdn.microsoft.com/en-us/magazine/cc188743.aspx}}
}

@MISC{ProfilerApiReference:Online,
KEY          = "ProfilerApiReference",
title = {Profiling (Unmanaged API Reference)},
month = {September},
year = {2010},
note = {\url{http://msdn.microsoft.com/en-us/library/ms404386.aspx}}
}

@inproceedings{pex,
 author = {Tillmann, Nikolai and De Halleux, Jonathan},
 title = {Pex: white box test generation for .NET},
 booktitle = {Proceedings of the 2nd international conference on Tests and proofs},
 series = {TAP'08},
 year = {2008},
 isbn = {3-540-79123-X, 978-3-540-79123-2},
 location = {Prato, Italy},
 pages = {134--153},
 numpages = {20},
 url = {http://dl.acm.org/citation.cfm?id=1792786.1792798},
 acmid = {1792798},
 publisher = {Springer-Verlag},
 address = {Berlin, Heidelberg},
}

@inproceedings{static,
 author = {F\"{a}hndrich, Manuel and Logozzo, Francesco},
 title = {Static contract checking with abstract interpretation},
 booktitle = {Proceedings of the 2010 international conference on Formal verification of object-oriented software},
 series = {FoVeOOS'10},
 year = {2011},
 isbn = {3-642-18069-8, 978-3-642-18069-9},
 location = {Paris, France},
 pages = {10--30},
 numpages = {21},
 url = {http://dl.acm.org/citation.cfm?id=1949303.1949305},
 acmid = {1949305},
 publisher = {Springer-Verlag},
 address = {Berlin, Heidelberg},
}

@MISC{contracts,
title = {Code Contracts},
month = {June},
year = {2013},
note = {\url{https://research.microsoft.com/en-us/projects/contracts/}}
}

@phdthesis{daikon,
 author = {Ernst, Michael Dean},
 title = {Dynamically discovering likely program invariants},
 year = {2000},
 isbn = {0-599-89515-2},
 note = {AAI9983472},
 publisher = {University of Washington},
}
